%%============
%%  ** Author: Qirong ZHANG
%%  ** Date: 2024-11-30 11:26:55
%%  ** Github: https://github.com/ShepherdQR
%%  ** LastEditors: Qirong ZHANG
%%  ** LastEditTime: 2024-12-07 00:13:51
%%  ** Copyright (c) 2019 Qirong ZHANG. All rights reserved.
%%  ** SPDX-License-Identifier: LGPL-3.0-or-later.
%%============


\bibliography{reference1, reference/chap2, reference/chap3, reference/chap4, reference/chap5,reference/appendix}


@book{001chendaxin1997book,
  title={矩阵理论},
  author={陈大新},
  year={1997},
  edition = {1},
  publisher={上海交通大学出版社},
  type={book}
}


%%[2]Householder A S. Unitary triangularization of a nonsymmetric matrix[J]. Journal of the ACM (JACM), 1958, 5(4): 339-342.
@article{002Householder1958,
  title={Unitary triangularization of a nonsymmetric matrix},
  author={Householder A S},
  journal={Journal of the ACM (JACM)},
  volume={5},
  number={4},
  pages={339-342},
  year={1958},
  publisher={ACM},
  type={article}
}

[1]Golub G, Kahan W. Calculating the singular values and pseudo-inverse of a matrix[J]. Journal of the Society for Industrial and Applied Mathematics, Series B: Numerical Analysis, 1965, 2(2): 205-224.
@article{003Golub1965,
  title={Calculating the singular values and pseudo-inverse of a matrix},
  author={Golub G, Kahan W},
  journal={Journal of the Society for Industrial and Applied Mathematics, Series B: Numerical Analysis},
  volume={2},
  number={2},
  pages={205-224},
  year={1965},
  publisher={Society for Industrial and Applied Mathematics},
  type={article}
}

[3]Golub G H, Reinsch C. Singular value decomposition and least squares solutions[M]//Handbook for Automatic Computation: Volume II: Linear Algebra. Berlin, Heidelberg: Springer Berlin Heidelberg, 1971: 134-151.
@article{004Golub1971,
  title={Singular value decomposition and least squares solutions},
  author={Golub G H, Reinsch C},
  journal={Handbook for Automatic Computation: Volume II: Linear Algebra},
  volume={},
  number={},
  pages={134-151},
  year={1971},
  publisher={Berlin, Heidelberg: Springer Berlin Heidelberg},
  type={article}
}
